%==Ref3
@article{b3,
author = {Ferguson, Neil and Laydon, Daniel and Nedjati-Gilani, Gemma and Imai, Natsuko and Ainslie, Kylie and Baguelin, Marc and Bhatia, Sangeeta and Boonyasiri, Adhiratha and Cucunubá, Zulma M. and Cuomo-Dannenburg, Gina and Dighe, Amy and Dorigatti, Ilaria and Fu, Han and Gaythorpe, Katy and Green, Will and Hamlet, Arran and Hinsley, Wes and Okell, Lucy and van Elsland, Sabine and Ghani, Azra},
year = {2020},
month = {03},
pages = {},
title = {Report 9: Impact of non-pharmaceutical interventions (NPIs) to reduce COVID-19 mortality and healthcare demand},
doi = {10.25561/77482}
}

%==Ref4
@article{b4,
 title={The Benefits and Costs of Using Social Distancing to Flatten the Curve for COVID-19}, volume={11}, DOI={10.1017/bca.2020.12}, number={2}, journal={Journal of Benefit-Cost Analysis}, publisher={Cambridge University Press}, author={Thunström, Linda and Newbold, Stephen C. and Finnoff, David and Ashworth, Madison and Shogren, Jason F.}, year={2020}, pages={179–195}}
}

%==Ref5
@inproceedings{b5,
      author = {Venkatesh, Ashwin and Edirappuli, Shantal},
	title = {Social distancing in covid-19: what are the mental health implications?},
	volume = {369},
	elocation-id = {m1379},
	year = {2020},
	doi = {10.1136/bmj.m1379},
	publisher = {BMJ Publishing Group Ltd},
	URL = {https://www.bmj.com/content/369/bmj.m1379},
	eprint = {https://www.bmj.com/content/369/bmj.m1379.full.pdf},
	journal = {BMJ},
	organization = {BMJ}
}

%==Ref6
@article{b6,
    author = {Klaiber, Patrick and Wen, Jin H and DeLongis, Anita and Sin, Nancy L},
    title = "{The Ups and Downs of Daily Life During COVID-19: Age Differences in Affect, Stress, and Positive Events}",
    journal = {The Journals of Gerontology: Series B},
    volume = {76},
    number = {2},
    pages = {e30-e37},
    year = {2020},
    month = {07},
    issn = {1079-5014},
    doi = {10.1093/geronb/gbaa096},
    url = {https://doi.org/10.1093/geronb/gbaa096},
    eprint = {https://academic.oup.com/psychsocgerontology/article-pdf/76/2/e30/35919808/gbaa096.pdf},
}

%==Ref7
@article{b7,
title = {Humans forget, machines remember: Artificial intelligence and the Right to Be Forgotten},
journal = {Computer Law \& Security Review},
volume = {34},
number = {2},
pages = {304-313},
year = {2018},
issn = {0267-3649},
doi = {https://doi.org/10.1016/j.clsr.2017.08.007},
url = {https://www.sciencedirect.com/science/article/pii/S0267364917302091},
author = {Eduard Fosch Villaronga and Peter Kieseberg and Tiffany Li},
keywords = {Right to Be Forgotten, Artificial intelligence (AI), Privacy, Data deletion, Memory}
}



%==Ref8
@InProceedings{b8,
author="Primkulov, Shokhrukhbek
and Urolov, Jamshidbek
and Singh, Madhusudan",
editor="Singh, Madhusudan
and Kang, Dae-Ki
and Lee, Jong-Ha
and Tiwary, Uma Shanker
and Singh, Dhananjay
and Chung, Wan-Young",
title="Voice Assistant for Covid-19",
booktitle="Intelligent Human Computer Interaction",
year="2021",
publisher="Springer International Publishing",
address="Cham",
pages="299--306",
isbn="978-3-030-68449-5",
organization =""
}



%==Ref9
@article{b9,
      author = "Mishra T., Wang M., Metwally A.A. et al. ",
       title = "Pre-symptomatic detection of COVID-19 from smartwatch data. ",
        year = "2020",
     journal = "Int {J} {N}umer {M}eth {F}l",
      volume = "77",
      number = "11",
       pages =  "1208–1220",
        note = "\href{ https://doi.org/10.1038/s41551-020-00640-6}{ https://doi.org/10.1038/s41551-020-00640-6}"
}



%==Ref26
@article{b26,
author = {K. RajKumar, C. Saravana Kumar, C. Yuvashree and Mr. Senthil Murugan},
year = {2020},
month = {06},
pages = {3355},
title = {PORTABLE SURVEILLANCE ROBOT USING IOT},
volume = {20},
journal = {Sensors},
doi = {10.3390/s20123355}
}


%==Ref12
@article{b12,
      author = "Cole Tharaldson, Dr. Andrew Chen",
       title = "Raspberry Pi AI Assistant, Department of Computer Science, Minnesota State University Moorhead",
       note="\href{https://red.mnstate.edu/cgi/viewcontent.cgi?article=1006\&context=sac}{https://red.mnstate.edu/cgi/viewcontent.cgi?article=1006\&context=sac} "
}

%==Ref13
@misc{b13,
      title={YOLOv3: An Incremental Improvement}, 
      author={Joseph Redmon and Ali Farhadi},
      year={2018},
      eprint={1804.02767},
      archivePrefix={arXiv},
      primaryClass={cs.CV},
	howpublished = {}
}

%==Ref14
@article{b14,
      author="Sabharwal, Navin
and Agrawal, Amit",
title="Introduction to Google Dialogflow",
bookTitle="Cognitive Virtual Assistants Using Google Dialogflow: Develop Complex Cognitive Bots Using the Google Dialogflow Platform",
year="2020",
publisher="Apress",
address="Berkeley, CA",
pages="13--54",
isbn="978-1-4842-5741-8",
doi="10.1007/978-1-4842-5741-8\_2",
url="https://doi.org/10.1007/978-1-4842-5741-8\_2"
}


%==Ref15
@article{b15,
      author = "Grinberg M.",
       title = "Flask web development: developing web applications with python. ",
        year = "2018 Mar 5",
publisher="O'Reilly Media, Inc."
}

%==Ref16
@article{b16,
      author = "Auth0",
       title = "About Auth0",
      note="\href{https://auth0.com/about}{https://auth0.com/about}"
}

%==Ref17
@incollection{b17,
    title = {Euclidean distance mapping},
journal = {Computer Graphics and Image Processing},
volume = {14},
number = {3},
pages = {227-248},
year = {1980},
issn = {0146-664X},
doi = {https://doi.org/10.1016/0146-664X(80)90054-4},
url = {https://www.sciencedirect.com/science/article/pii/0146664X80900544},
author = {Per-Erik Danielsson}
}


%==Ref20
@techreport{b20,
      author = "Kröger, M.; Schlickeiser, R.",
       title = "Forecast for the second Covid-19 wave based on the improved SIR model with a constant ratio of recovery to infection rate.",
     publisher="Preprints",
 year = "2021",
      doi = "10.20944/preprints202101.0449.v1",
	institution = " ",
	address = " "
}

%==Ref21
@inproceedings{b21,
      author = "Narayanan V.",
       title = "COVID Second Wave in India–Revisiting the TIP Approach.",
        year = "2021 Apr 24",
      publisher="The Indian Practitioner",
     note="74(4):7-9",
organization = ""
}

%==Ref22
@article{b22,
author = {Bramanti, Barbara and Dean, Katharine and Walløe, Lars and Stenseth, Nils Chr},
year = {2019},
month = {04},
pages = {},
title = {The Third Plague Pandemic in Europe},
volume = {286},
journal = {Proceedings of the Royal Society B: Biological Sciences},
doi = {10.1098/rspb.2018.2429}
}

%==Ref23
@article{b23,
      author = "Le NK, Le AV, Brooks JP et al.",
       title = "Impact of government-imposed social distancing measures on COVID-19 morbidity and mortality around the world",
        year = "10/2020",
    publisher = "World Health Organization"
}

%==Ref24
@techreport{24,
      author={Yuan, Wang and Li, Zhijun},
  booktitle={2017 2nd International Conference on Advanced Robotics and Mechatronics (ICARM)}, 
  title={Development of a human-friendly robot for socially aware human-robot interaction}, 
  year={2017},
  volume={},
  number={},
  pages={76-81},
  doi={10.1109/ICARM.2017.8273138},
institution={},
address={}
}

%==Ref25
@book{b25,
      author = "Google",
       title = "Google Assistant, your own personal Google",
        note = "\href{https://assistant.google.com/}{assistant.google.com}"
}

